<?xml version="1.0" encoding="UTF-8"?><collection xmlns="http://www.loc.gov/MARC21/slim"><record><leader>00523nam--2200181-i-4500</leader><controlfield tag="001">000019652</controlfield><controlfield tag="002">20161230</controlfield><controlfield tag="005">20161230201033</controlfield><controlfield tag="008">060222s1000------------r-----000-0-eng-d</controlfield><datafield ind1=" " ind2=" " tag="040"><subfield code="a">IFIN-HH</subfield></datafield><datafield ind1=" " ind2=" " tag="080"><subfield code="a">539.172.3:539.2(047.3)</subfield></datafield><datafield ind1="1" ind2=" " tag="100"><subfield code="a">Nistor, C</subfield></datafield><datafield ind1="1" ind2="0" tag="245"><subfield code="a">Theoretical computation program for the mossbauer transition 3/2 1/2</subfield><subfield code="c">C. nistor, a.e. druker</subfield></datafield><datafield ind1=" " ind2=" " tag="260"><subfield code="a">Bucuresti</subfield><subfield code="b">Institutul De Fizica Atomica</subfield><subfield code="c">1971</subfield></datafield><datafield ind1=" " ind2=" " tag="300"><subfield code="a">17 P</subfield></datafield><datafield ind1="1" ind2=" " tag="700"><subfield code="a">Druker, A.E</subfield></datafield><datafield ind1=" " ind2=" " tag="852"><subfield code="a">44392</subfield><subfield code="c">H.H</subfield></datafield><datafield ind1=" " ind2=" " tag="CAT"><subfield code="a">Sys</subfield><subfield code="c">20130402</subfield><subfield code="h">124826</subfield></datafield></record></collection>